@Book{em:86,
  editor       = "Robert Engelmore and Anthony Morgan",
  title        = "Blackboard Systems",
  year         = "1986",
  address      = "Reading, Mass.",
  publisher    = "Addison-Wesley",
}