@Article{beutel2020flower,
  title        = "Flower: A Friendly Federated Learning Research
                 Framework",
  author       = "Daniel J Beutel and Taner Topal and Akhil Mathur and
                 Xinchi Qiu and Javier Fernandez-Marques and Yan Gao and
                 Lorenzo Sani and Hei Li Kwing and Titouan Parcollet and
                 Pedro PB de Gusm√£o and Nicholas D Lane",
  journal      = "arXiv preprint arXiv:2007.14390",
  year         = "2020",
}
